<?xml version="1.0" encoding="UTF-8"?><record xmlns="http://www.loc.gov/MARC21/slim" xmlns:cinclude="http://apache.org/cocoon/include/1.0" xmlns:zs="http://www.loc.gov/zing/srw/">
  <leader>00458nz  a2200133n  4500</leader>
  <controlfield tag="001">no2002080052</controlfield>
  <controlfield tag="003">DLC</controlfield>
  <controlfield tag="005">20020901081532.0</controlfield>
  <controlfield tag="008">020831n| acannaabn          |n ana     c</controlfield>
  <datafield tag="010" ind1=" " ind2=" ">
    <subfield code="a">no2002080052</subfield>
  </datafield>
  <datafield tag="035" ind1=" " ind2=" ">
    <subfield code="a">(OCoLC)oca05852730</subfield>
  </datafield>
  <datafield tag="040" ind1=" " ind2=" ">
    <subfield code="a">FJUNF-MA</subfield>
    <subfield code="b">eng</subfield>
    <subfield code="c">FJUNF-MA</subfield>
  </datafield>
  <datafield tag="110" ind1="2" ind2=" ">
    <subfield code="a">Self Dimensions, Inc.</subfield>
  </datafield>
  <datafield tag="670" ind1=" " ind2=" ">
    <subfield code="a">Eary childhood nutrition [VR] 2000:</subfield>
    <subfield code="b">credits ([produced] in cooperation with Self Dimensions, Inc.) accompanying study masters (Self Dimensions, Inc.)</subfield>
  </datafield>
</record>